<?xml version="1.0" encoding="UTF-8"?><collection xmlns="http://www.loc.gov/MARC21/slim"><record><leader>00651nam--2200193-i-4500</leader><controlfield tag="001">000034238</controlfield><controlfield tag="002">20161230</controlfield><controlfield tag="005">20161230201039</controlfield><controlfield tag="008">060222s1000------------r-----000-0-eng-d</controlfield><datafield ind1=" " ind2=" " tag="040"><subfield code="a">IFIN-HH</subfield></datafield><datafield ind1=" " ind2=" " tag="080"><subfield code="a">539.122.04:530.145:621.375.826</subfield></datafield><datafield ind1="1" ind2=" " tag="100"><subfield code="a">Eberly, J.H</subfield></datafield><datafield ind1="1" ind2="0" tag="245"><subfield code="a">Multiphoton processes</subfield><subfield code="b">Proceedings of an international conference at the university of rochester, rochester, n.y., june 6-9, 1977</subfield><subfield code="c">J.h. eberly, p. lambropoulos</subfield></datafield><datafield ind1=" " ind2=" " tag="260"><subfield code="a">New York</subfield><subfield code="b">John Wiley &amp; Sons</subfield><subfield code="c">1978</subfield></datafield><datafield ind1=" " ind2=" " tag="300"><subfield code="a">419P</subfield></datafield><datafield ind1=" " ind2=" " tag="490"><subfield code="a">Wiley Series In Pure And Applied Optics</subfield></datafield><datafield ind1="1" ind2=" " tag="700"><subfield code="a">Lambropoulos, P</subfield></datafield><datafield ind1=" " ind2=" " tag="852"><subfield code="a">45924</subfield><subfield code="c">539.12</subfield></datafield><datafield ind1=" " ind2=" " tag="CAT"><subfield code="a">Sys</subfield><subfield code="c">20111205</subfield><subfield code="h">133952</subfield></datafield></record></collection>